
 @online{ dewiki:253045448,
	author = "Wikipedia",
	title = {Enigma (Maschine) --- Wikipedia{,} die freie Enzyklopädie},
	year = "2025",
	url = "{https://de.wikipedia.org/w/index.php?title=Enigma_(Maschine)}",
	note = "[Online; Stand 10. April 2025]"
}
@online{wiki:enigma_walzen,
	author       = {{Wikipedia contributors}},
	title        = {Enigma-Walzen --- Wikipedia, Die freie Enzyklopädie},
	year         = {2024},
	url          = {https://de.wikipedia.org/wiki/Enigma-Walzen},
	urldate      = {2025-06-12}
}
@online{welt:enigma,
	author    = {{Welt-Redaktion}},
	title     = {Enigma – der Kampf um den Code der Wehrmacht},
	year      = {2014},
	url       = {https://www.welt.de/geschichte/zweiter-weltkrieg/gallery136436121/Enigma-der-Kampf-um-den-Code-der-Wehrmacht.html},
	urldate   = {2025-06-12},
	note      = {Welt.de, Artikel vom 15. Oktober 2014}
}
@online{piotte:enigma,
	author   = {Piotte, Etienne},
	title    = {Enigma Cipher Simulator},
	year     = {2024},
	url      = {https://piotte13.github.io/enigma-cipher/},
	urldate  = {2025-06-12}
}

@online{wiki:zyklometer,
	author       = {{Wikipedia contributors}},
	title        = {Zyklometer (Kryptologie) --- Wikipedia, Die freie Enzyklopädie},
	year         = {2024},
	url 		 = {https://de.wikipedia.org/wiki/Zyklometer_(Kryptologie)},
	note         = {Zugriff am 12. Juni 2025}
}

@misc{hasanic2024enigma,
	author       = {Arif Hasanic},
	title        = {Kryptanalyse der Enigma durch Nachimplementierung des Zyklometers},
	howpublished = {Informatikprojekt, RWU–University of Applied Sciences},
	year         = {2024},
	note         = {Betreuer: Prof. Dipl.-Math. Ekkehard Löhmann, Projekt auf GitHub},
	url          = {https://github.com/murderbaer/enigma}
}

@misc{schaffer2025enigma,
	author       = {Emanuel Schäffer},
	title        = {Kryptoanalyse der Enigma-Maschine durch eine Software-Nachbildung der Turing-Welchman-Bombe},
	howpublished = {Informatikprojekt, RWU\allowbreak{}–\allowbreak{}University\allowbreak{}~of\allowbreak{}~Applied\allowbreak{}~Sciences},
	
	year         = {2025},
	note         = {Betreuer: Prof. Dipl.-Math. Ekkehard Löhmann},
	url          = {https://github.com/UPEV1sion/Turing-Bombe-Notes}
}

@misc{schaffer2025enigmaserver,
	author       = {Emanuel Schäffer},
	title        = {Enigma – Weiterentwicklung des Forks von Schäffers Enigma-Implementierung},
	year         = {2025},
	url 		 = {https://github.com/UPEV1sion/Enigma/tree/server},
	note         = {GitHub Repository unter dem Alias UPEV1sion, Fork und Weiterentwicklung des Projekts}
}

@misc{steidle2025enigmaapi,
	author       = {Steidle, Tobias},
	title        = {Enigma-API},
	year         = {2025},
	url          = {https://github.com/UPEV1sion/Enigma-API},
	note		 = {Repository gehostet von Emanuel\allowbreak~Schäffer\allowbreak{}.\allowbreak{} Zugriff am 22.~Juni~2025}
	
}

@misc{enigmawebapp,
	author       = {Tobias Steidle},
	title        = {Enigma- und Zyklometer-Simulation},
	year         = {2025},
	url 		 = {https://enigma-zyklometer.rwu.de},
	note         = {Zugriff am 22. Juni 2025}
}

@misc{enigmaGitHub,
	author       = {Tobias Steidle},
	title        = {{EnigmaSite – Enigma- und Zyklometer-Simulation (Quellcode)}},
	year         = {2025},
	url			 = {https://github.com/Bibble-code/EnigmaSite},
	note         = {Zugriff am 22. Juni 2025}
}

@misc{bibblecode2025enigmazyklometer,
	author       = {Tobias Steidle},
	title        = {Enigma-Zyklometer-Notes},
	year         = {2025},
	url          = {https://github.com/Bibble-code/Enigma-Zyklometer-Notes},
	note         = {GitHub Repository, Zugriff am 1. Juli 2025}
}

@article{rejewski1981enigma,
	author       = {Marian Rejewski},
	title        = {How Polish Mathematicians Deciphered the Enigma},
	journal      = {Annals of the History of Computing},
	volume       = {3},
	number       = {3},
	year         = {1981},
	pages        = {213--234},
	doi          = {10.1109/MAHC.1981.10016},
	publisher    = {IEEE Computer Society},
}



@online{enigma_simulator_palloks,
	author  = {Daniel Palloks},
	title   = {Enigma Simulator (Version 2.62)},
	year    = {2025},
	url     = {https://people.physik.hu-berlin.de/~palloks/js/enigma/enigma-u_v262.html},
	note    = {Zugriff am 30. Juni 2025},
}

